%% This BibTeX bibliography file was created using BibDesk.
%% http://bibdesk.sourceforge.net/


%% Created for Federico Morchio at 2016-10-18 18:45:15 +0200 


%% Saved with string encoding Unicode (UTF-8) 



@book{lechner-1,
	Annote = {interessanti citazioni inizio cap. 6 -Solar geometry: 

- A building cannot be energy ef cient if it is not solar responsive.
- Orientation is the most valuable energy-saving strategy.},
	Author = {Norbert Lechner},
	Date-Added = {2016-10-18 13:21:39 +0000},
	Date-Modified = {2016-10-18 13:28:01 +0000},
	Edition = {4th edition},
	Keywords = {John Wiley & Sons, Inc},
	Publisher = {Wiley},
	Title = {Heating, cooling, lighting, sustainable Design Methods for Architects},
	Year = {2015 },
	Bdsk-File-1 = {YnBsaXN0MDDUAQIDBAUGJCVYJHZlcnNpb25YJG9iamVjdHNZJGFyY2hpdmVyVCR0b3ASAAGGoKgHCBMUFRYaIVUkbnVsbNMJCgsMDxJXTlMua2V5c1pOUy5vYmplY3RzViRjbGFzc6INDoACgAOiEBGABIAFgAdccmVsYXRpdmVQYXRoWWFsaWFzRGF0YV8QjC4uLy4uLy4uLy4uLy4uL015LURvY3VtZW50cy9NeS1iaWJsaW8vSGVhdGluZywgQ29vbGluZywgTGlnaHRpbmcgU3VzdGFpbmFibGUgRGVzaWduIE1ldGhvZHMgZm9yIEFyY2hpdGVjdHMgNHRoIGMyMDE1IHR4dGJrLUxlY2huZXIucGRmIGFsaWFz0hcLGBlXTlMuZGF0YU8RAsAAAAAAAsAAAgAACFVudGl0bGVkAAAAAAAAAAAAAAAAAAAAAAAAANEKYDxIKwAAAUMVpx9IZWF0aW5nLCBDb29saW5nLCBMaWdodCMxNDMxODI2AAAAAAAAAAAAAAAAAAAAAAAAAAAAAAAAAAAAAAAAAAABQxgm0v4HHWFsaXNNQUNTAAUAAwAACSAAAAAAAAAAAAAAAAAAAAAJTXktYmlibGlvAAAQAAgAANEKUiwAAAARAAgAANL9+Q0AAAABABQBQxWnAAmf4wAGItYABiLVAAKToAACAFlVbnRpdGxlZDpVc2VyczoAZnJpeDoARG9jdW1lbnRzOgBNeS1Eb2N1bWVudHM6AE15LWJpYmxpbzoASGVhdGluZywgQ29vbGluZywgTGlnaHQjMTQzMTgyNgAADgDOAGYASABlAGEAdABpAG4AZwAsACAAQwBvAG8AbABpAG4AZwAsACAATABpAGcAaAB0AGkAbgBnACAAUwB1AHMAdABhAGkAbgBhAGIAbABlACAARABlAHMAaQBnAG4AIABNAGUAdABoAG8AZABzACAAZgBvAHIAIABBAHIAYwBoAGkAdABlAGMAdABzACAANAB0AGgAIABjADIAMAAxADUAIAB0AHgAdABiAGsALQBMAGUAYwBoAG4AZQByAC4AcABkAGYAIABhAGwAaQBhAHMADwASAAgAVQBuAHQAaQB0AGwAZQBkABIAklVzZXJzL2ZyaXgvRG9jdW1lbnRzL015LURvY3VtZW50cy9NeS1iaWJsaW8vSGVhdGluZywgQ29vbGluZywgTGlnaHRpbmcgU3VzdGFpbmFibGUgRGVzaWduIE1ldGhvZHMgZm9yIEFyY2hpdGVjdHMgNHRoIGMyMDE1IHR4dGJrLUxlY2huZXIucGRmIGFsaWFzABMAAS8AABUAAgAL//8AAIAG0hscHR5aJGNsYXNzbmFtZVgkY2xhc3Nlc11OU011dGFibGVEYXRhox0fIFZOU0RhdGFYTlNPYmplY3TSGxwiI1xOU0RpY3Rpb25hcnmiIiBfEA9OU0tleWVkQXJjaGl2ZXLRJidUcm9vdIABAAgAEQAaACMALQAyADcAQABGAE0AVQBgAGcAagBsAG4AcQBzAHUAdwCEAI4BHQEiASoD7gPwA/UEAAQJBBcEGwQiBCsEMAQ9BEAEUgRVBFoAAAAAAAACAQAAAAAAAAAoAAAAAAAAAAAAAAAAAAAEXA==}}

@book{mackgrady-1,
	Author = {Mack Grady},
	Booktitle = {nn.},
	Date-Added = {2016-10-18 12:06:37 +0000},
	Date-Modified = {2016-10-18 12:17:45 +0000},
	Editor = {nn},
	Keywords = {solar},
	Title = {the solar resource},
	Year = {nn},
	Bdsk-File-1 = {YnBsaXN0MDDUAQIDBAUGJCVYJHZlcnNpb25YJG9iamVjdHNZJGFyY2hpdmVyVCR0b3ASAAGGoKgHCBMUFRYaIVUkbnVsbNMJCgsMDxJXTlMua2V5c1pOUy5vYmplY3RzViRjbGFzc6INDoACgAOiEBGABIAFgAdccmVsYXRpdmVQYXRoWWFsaWFzRGF0YV8QZC4uLy4uLy4uLy4uLy4uL015LURvY3VtZW50cy9NeS1iaWJsaW8vRUdSMTMwMV9GQUxMMjAxNV9NYXN0ZXJzXzFzdEVkX0NoYXB0ZXI3X1RoZV9Tb2xhcl9SZXNvdXJjZS5wZGbSFwsYGVdOUy5kYXRhTxECSAAAAAACSAACAAAIVW50aXRsZWQAAAAAAAAAAAAAAAAAAAAAAAAA0QpgPEgrAAABQxWnH0VHUjEzMDFfRkFMTDIwMTVfTWEjMTQyRTBFQy5wZGYAAAAAAAAAAAAAAAAAAAAAAAAAAAAAAAAAAAAAAAAAAAFC4OzUKsN7UERGIAAAAAAABQADAAAJIAAAAAAAAAAAAAAAAAAAAAlNeS1iaWJsaW8AABAACAAA0QpSLAAAABEACAAA1CqnWwAAAAEAFAFDFacACZ/jAAYi1gAGItUAApOgAAIAWVVudGl0bGVkOlVzZXJzOgBmcml4OgBEb2N1bWVudHM6AE15LURvY3VtZW50czoATXktYmlibGlvOgBFR1IxMzAxX0ZBTEwyMDE1X01hIzE0MkUwRUMucGRmAAAOAH4APgBFAEcAUgAxADMAMAAxAF8ARgBBAEwATAAyADAAMQA1AF8ATQBhAHMAdABlAHIAcwBfADEAcwB0AEUAZABfAEMAaABhAHAAdABlAHIANwBfAFQAaABlAF8AUwBvAGwAYQByAF8AUgBlAHMAbwB1AHIAYwBlAC4AcABkAGYADwASAAgAVQBuAHQAaQB0AGwAZQBkABIAalVzZXJzL2ZyaXgvRG9jdW1lbnRzL015LURvY3VtZW50cy9NeS1iaWJsaW8vRUdSMTMwMV9GQUxMMjAxNV9NYXN0ZXJzXzFzdEVkX0NoYXB0ZXI3X1RoZV9Tb2xhcl9SZXNvdXJjZS5wZGYAEwABLwAAFQACAAv//wAAgAbSGxwdHlokY2xhc3NuYW1lWCRjbGFzc2VzXU5TTXV0YWJsZURhdGGjHR8gVk5TRGF0YVhOU09iamVjdNIbHCIjXE5TRGljdGlvbmFyeaIiIF8QD05TS2V5ZWRBcmNoaXZlctEmJ1Ryb290gAEACAARABoAIwAtADIANwBAAEYATQBVAGAAZwBqAGwAbgBxAHMAdQB3AIQAjgD1APoBAgNOA1ADVQNgA2kDdwN7A4IDiwOQA50DoAOyA7UDugAAAAAAAAIBAAAAAAAAACgAAAAAAAAAAAAAAAAAAAO8}}

@unpublished{mackgrady-2,
	Author = {Mack Grady },
	Date-Added = {2016-10-18 12:06:37 +0000},
	Date-Modified = {2016-10-18 12:18:35 +0000},
	Title = {Sun position equations - 150901},
	Year = {2015},
	Bdsk-File-1 = {YnBsaXN0MDDUAQIDBAUGJCVYJHZlcnNpb25YJG9iamVjdHNZJGFyY2hpdmVyVCR0b3ASAAGGoKgHCBMUFRYaIVUkbnVsbNMJCgsMDxJXTlMua2V5c1pOUy5vYmplY3RzViRjbGFzc6INDoACgAOiEBGABIAFgAdccmVsYXRpdmVQYXRoWWFsaWFzRGF0YV8QWC4uLy4uLy4uLy4uLy4uL015LURvY3VtZW50cy9NeS1iaWJsaW8vRUdSMTMwMV9GQUxMMjAxNV9TdW5fUG9zaXRpb25fRXF1YXRpb25zXzE1MDkwMS5wZGbSFwsYGVdOUy5kYXRhTxECJAAAAAACJAACAAAIVW50aXRsZWQAAAAAAAAAAAAAAAAAAAAAAAAA0QpgPEgrAAABQxWnH0VHUjEzMDFfRkFMTDIwMTVfU3UjMTQyRDc5Qi5wZGYAAAAAAAAAAAAAAAAAAAAAAAAAAAAAAAAAAAAAAAAAAAFC15vUKr61AAAAAAAAAAAABQADAAAJIAAAAAAAAAAAAAAAAAAAAAlNeS1iaWJsaW8AABAACAAA0QpSLAAAABEACAAA1CqilQAAAAEAFAFDFacACZ/jAAYi1gAGItUAApOgAAIAWVVudGl0bGVkOlVzZXJzOgBmcml4OgBEb2N1bWVudHM6AE15LURvY3VtZW50czoATXktYmlibGlvOgBFR1IxMzAxX0ZBTEwyMDE1X1N1IzE0MkQ3OUIucGRmAAAOAGYAMgBFAEcAUgAxADMAMAAxAF8ARgBBAEwATAAyADAAMQA1AF8AUwB1AG4AXwBQAG8AcwBpAHQAaQBvAG4AXwBFAHEAdQBhAHQAaQBvAG4AcwBfADEANQAwADkAMAAxAC4AcABkAGYADwASAAgAVQBuAHQAaQB0AGwAZQBkABIAXlVzZXJzL2ZyaXgvRG9jdW1lbnRzL015LURvY3VtZW50cy9NeS1iaWJsaW8vRUdSMTMwMV9GQUxMMjAxNV9TdW5fUG9zaXRpb25fRXF1YXRpb25zXzE1MDkwMS5wZGYAEwABLwAAFQACAAv//wAAgAbSGxwdHlokY2xhc3NuYW1lWCRjbGFzc2VzXU5TTXV0YWJsZURhdGGjHR8gVk5TRGF0YVhOU09iamVjdNIbHCIjXE5TRGljdGlvbmFyeaIiIF8QD05TS2V5ZWRBcmNoaXZlctEmJ1Ryb290gAEACAARABoAIwAtADIANwBAAEYATQBVAGAAZwBqAGwAbgBxAHMAdQB3AIQAjgDpAO4A9gMeAyADJQMwAzkDRwNLA1IDWwNgA20DcAOCA4UDigAAAAAAAAIBAAAAAAAAACgAAAAAAAAAAAAAAAAAAAOM}}
